{
  "leader": "02365cam a2200529 a 4500",
  "fields": [
    {
      "001": "ocm32518402\\"
    },
    {
      "003": "OCoLC"
    },
    {
      "005": "20221212165505.0"
    },
    {
      "008": "950522s1994\\\\\\\\sw\\af\\\\\\\\b\\\\\\\\001\\0beng\\d"
    },
    {
      "010": {
        "ind1": "\\",
        "ind2": "\\",
        "subfields": [
          {
            "a": "   95212023 "
          }
        ]
      }
    },
    {
      "040": {
        "ind1": "\\",
        "ind2": "\\",
        "subfields": [
          {
            "a": "WaU"
          },
          {
            "b": "eng"
          },
          {
            "c": "DLC"
          },
          {
            "d": "OCLCQ"
          },
          {
            "d": "NLGGC"
          },
          {
            "d": "BTCTA"
          },
          {
            "d": "YDXCP"
          },
          {
            "d": "BAKER"
          },
          {
            "d": "OCLCG"
          },
          {
            "d": "UKMGB"
          },
          {
            "d": "UKV3G"
          },
          {
            "d": "GEBAY"
          },
          {
            "d": "GBVCP"
          },
          {
            "d": "OCLCO"
          },
          {
            "d": "OCLCF"
          },
          {
            "d": "OCLCO"
          },
          {
            "d": "OCLCQ"
          },
          {
            "d": "DEBBG"
          },
          {
            "d": "OCLCQ"
          },
          {
            "d": "DHA"
          },
          {
            "d": "OCLCQ"
          },
          {
            "d": "OCLCO"
          },
          {
            "d": "OCL"
          },
          {
            "d": "OCLCO"
          }
        ]
      }
    },
    {
      "019": {
        "ind1": "\\",
        "ind2": "\\",
        "subfields": [
          {
            "a": "60234101"
          }
        ]
      }
    },
    {
      "020": {
        "ind1": "\\",
        "ind2": "\\",
        "subfields": [
          {
            "a": "9122016562"
          }
        ]
      }
    },
    {
      "020": {
        "ind1": "\\",
        "ind2": "\\",
        "subfields": [
          {
            "a": "9789122016564"
          }
        ]
      }
    },
    {
      "035": {
        "ind1": "\\",
        "ind2": "\\",
        "subfields": [
          {
            "a": "(OCoLC)32518402"
          },
          {
            "z": "(OCoLC)60234101"
          }
        ]
      }
    },
    {
      "041": {
        "ind1": "0",
        "ind2": "\\",
        "subfields": [
          {
            "a": "eng"
          },
          {
            "a": "ger"
          }
        ]
      }
    },
    {
      "042": {
        "ind1": "\\",
        "ind2": "\\",
        "subfields": [
          {
            "a": "lccopycat"
          }
        ]
      }
    },
    {
      "043": {
        "ind1": "\\",
        "ind2": "\\",
        "subfields": [
          {
            "a": "e-ru---"
          },
          {
            "a": "e-gx---"
          }
        ]
      }
    },
    {
      "050": {
        "ind1": "0",
        "ind2": "0",
        "subfields": [
          {
            "a": "CT1218.M47"
          },
          {
            "b": "L58 1994"
          }
        ]
      }
    },
    {
      "050": {
        "ind1": "1",
        "ind2": "4",
        "subfields": [
          {
            "a": "PG3467.M367"
          },
          {
            "b": "Z75 1994"
          }
        ]
      }
    },
    {
      "082": {
        "ind1": "0",
        "ind2": "4",
        "subfields": [
          {
            "a": "947.08"
          },
          {
            "b": "LJU"
          }
        ]
      }
    },
    {
      "100": {
        "ind1": "1",
        "ind2": "\\",
        "subfields": [
          {
            "a": "Ljunggren, Magnus."
          }
        ]
      }
    },
    {
      "245": {
        "ind1": "1",
        "ind2": "4",
        "subfields": [
          {
            "a": "The Russian Mephisto :"
          },
          {
            "b": "a study of the life and work of Emilii Medtner /"
          },
          {
            "c": "Magnus Ljunggren."
          }
        ]
      }
    },
    {
      "260": {
        "ind1": "\\",
        "ind2": "\\",
        "subfields": [
          {
            "a": "Stockholm, Sweden :"
          },
          {
            "b": "Almqvist & Wiksell International,"
          },
          {
            "c": "1994."
          }
        ]
      }
    },
    {
      "300": {
        "ind1": "\\",
        "ind2": "\\",
        "subfields": [
          {
            "a": "240 pages, 32 unnumbered pages of plates :"
          },
          {
            "b": "illustrations ;"
          },
          {
            "c": "23 cm."
          }
        ]
      }
    },
    {
      "336": {
        "ind1": "\\",
        "ind2": "\\",
        "subfields": [
          {
            "a": "text"
          },
          {
            "b": "txt"
          },
          {
            "2": "rdacontent"
          }
        ]
      }
    },
    {
      "337": {
        "ind1": "\\",
        "ind2": "\\",
        "subfields": [
          {
            "a": "unmediated"
          },
          {
            "b": "n"
          },
          {
            "2": "rdamedia"
          }
        ]
      }
    },
    {
      "338": {
        "ind1": "\\",
        "ind2": "\\",
        "subfields": [
          {
            "a": "volume"
          },
          {
            "b": "nc"
          },
          {
            "2": "rdacarrier"
          }
        ]
      }
    },
    {
      "490": {
        "ind1": "1",
        "ind2": "\\",
        "subfields": [
          {
            "a": "Acta Universitatis Stockholmiensis. Stockholm studies in Russian literature ;"
          },
          {
            "v": "27"
          }
        ]
      }
    },
    {
      "546": {
        "ind1": "\\",
        "ind2": "\\",
        "subfields": [
          {
            "a": "English and German."
          }
        ]
      }
    },
    {
      "504": {
        "ind1": "\\",
        "ind2": "\\",
        "subfields": [
          {
            "a": "Includes bibliographical references (pages 222-233) and index."
          }
        ]
      }
    },
    {
      "505": {
        "ind1": "0",
        "ind2": "\\",
        "subfields": [
          {
            "a": "With letters to Jung (in German)."
          }
        ]
      }
    },
    {
      "600": {
        "ind1": "1",
        "ind2": "0",
        "subfields": [
          {
            "a": "Metner, E\u0307milii\u0306 Karlovich,"
          },
          {
            "d": "1872-1936."
          }
        ]
      }
    },
    {
      "600": {
        "ind1": "1",
        "ind2": "0",
        "subfields": [
          {
            "a": "Metner, E\u0307milii\u0306 Karlovich,"
          },
          {
            "d": "1872-1936"
          },
          {
            "x": "Influence."
          }
        ]
      }
    },
    {
      "650": {
        "ind1": "\\",
        "ind2": "0",
        "subfields": [
          {
            "a": "Symbolism (Literary movement)"
          },
          {
            "z": "Russia"
          },
          {
            "x": "History."
          }
        ]
      }
    },
    {
      "650": {
        "ind1": "\\",
        "ind2": "0",
        "subfields": [
          {
            "a": "Psychoanalysis and literature."
          }
        ]
      }
    },
    {
      "600": {
        "ind1": "1",
        "ind2": "7",
        "subfields": [
          {
            "a": "Metner, E\u0307milii\u0306 Karlovich,"
          },
          {
            "d": "1872-1936"
          },
          {
            "2": "fast"
          },
          {
            "0": "(OCoLC)fst00364448"
          }
        ]
      }
    },
    {
      "650": {
        "ind1": "\\",
        "ind2": "7",
        "subfields": [
          {
            "a": "Influence (Literary, artistic, etc.)"
          },
          {
            "2": "fast"
          },
          {
            "0": "(OCoLC)fst00972484"
          }
        ]
      }
    },
    {
      "650": {
        "ind1": "\\",
        "ind2": "7",
        "subfields": [
          {
            "a": "Psychoanalysis and literature."
          },
          {
            "2": "fast"
          },
          {
            "0": "(OCoLC)fst01081273"
          }
        ]
      }
    },
    {
      "650": {
        "ind1": "\\",
        "ind2": "7",
        "subfields": [
          {
            "a": "Symbolism (Literary movement)"
          },
          {
            "2": "fast"
          },
          {
            "0": "(OCoLC)fst01140762"
          }
        ]
      }
    },
    {
      "651": {
        "ind1": "\\",
        "ind2": "7",
        "subfields": [
          {
            "a": "Russia."
          },
          {
            "2": "fast"
          },
          {
            "0": "(OCoLC)fst01207312"
          }
        ]
      }
    },
    {
      "655": {
        "ind1": "\\",
        "ind2": "7",
        "subfields": [
          {
            "a": "History."
          },
          {
            "2": "fast"
          },
          {
            "0": "(OCoLC)fst01411628"
          }
        ]
      }
    },
    {
      "776": {
        "ind1": "0",
        "ind2": "8",
        "subfields": [
          {
            "i": "Online version:"
          },
          {
            "a": "Ljunggren, Magnus."
          },
          {
            "t": "Russian Mephisto."
          },
          {
            "d": "Stockholm, Sweden : Almqvist & Wiksell International, 1994"
          },
          {
            "w": "(OCoLC)605285751"
          }
        ]
      }
    },
    {
      "830": {
        "ind1": "\\",
        "ind2": "0",
        "subfields": [
          {
            "a": "Acta Universitatis Stockholmiensis."
          },
          {
            "p": "Stockholm studies in Russian literature ;"
          },
          {
            "v": "27."
          }
        ]
      }
    },
    {
      "994": {
        "ind1": "\\",
        "ind2": "\\",
        "subfields": [
          {
            "a": "Z0"
          },
          {
            "b": "NYRVC"
          }
        ]
      }
    },
    {
      "948": {
        "ind1": "\\",
        "ind2": "\\",
        "subfields": [
          {
            "h": "NO HOLDINGS IN NYRVC - 83 OTHER HOLDINGS"
          }
        ]
      }
    },
    {
      "999": {
        "ind1": "\\",
        "ind2": "\\",
        "subfields": [
          {
            "a": "00000000010258"
          }
        ]
      }
    }
  ]
}